@book{inv2nonlinearalgebra,
  title={Invitation to Nonlinear Algebra},
  author={Micha{\l}ek, M. and Sturmfels, B.},
  isbn={9781470453671},
  lccn={2020032321},
  series={Graduate Studies in Mathematics},
  url={https://books.google.de/books?id=1p7XzQEACAAJ},
  year={2021},
  publisher={American Mathematical Society}
}

@book {MaclaganSturmfels,
    AUTHOR = {Maclagan, Diane and Sturmfels, Bernd},
     TITLE = {Introduction to {T}ropical {G}eometry},
    SERIES = {Graduate Studies in Mathematics},
 PUBLISHER = {American Mathematical Society, Providence, RI},
VOLUME = {161},
      YEAR = {2015},
     PAGES = {vii+359},
}